
<record>
  <controlfield tag="001">1374440</controlfield>
  <datafield tag="024" ind1="7" ind2=" ">
    <subfield code="a">10.1051/epjconf/20159601022</subfield>
    <subfield code="2">DOI</subfield>
    <subfield code="9">EDP Sciences</subfield>
  </datafield>
  <datafield tag="035" ind1=" " ind2=" ">
    <subfield code="a">Logashenko:2015cfa</subfield>
    <subfield code="9">INSPIRETeX</subfield>
  </datafield>
  <datafield tag="245" ind1=" " ind2=" ">
    <subfield code="a">Measurement of the hadronic cross sections at Novosibirsk</subfield>
  </datafield>
</record>