
<record>
  <controlfield tag="001">1373445</controlfield>
  <datafield tag="024" ind1="7" ind2=" ">
    <subfield code="2">DOI</subfield>
    <subfield code="9">Springer</subfield>
    <subfield code="a">10.1134/S1063778815020209</subfield>
  </datafield>
  <datafield tag="035" ind1=" " ind2=" ">
    <subfield code="9">INSPIRETeX</subfield>
    <subfield code="a">Lukin:2015vsa</subfield>
  </datafield>
  <datafield tag="035" ind1=" " ind2=" ">
    <subfield code="9">DESY</subfield>
    <subfield code="z">D15-kj23e</subfield>
  </datafield>
  <datafield tag="245" ind1=" " ind2=" ">
    <subfield code="a">Investigation of the processes $e^{+} e^{−} \to 2 (\pi^{+}\pi^{−}\pi^{0})$ and $e^{+}e^{−} \to 3 (\pi^{+}\pi^{−})$ with the aid of the CMD-3 detector</subfield>
  </datafield>
</record>